2262 3138
114 148 328 254 visus
353 146 533 243 sum
548 218 574 260 ,
636 177 744 243 ex
772 129 948 268 quo
973 144 1317 266 propius
1354 144 1486 238 Te
1523 149 1895 237 venerari
1938 167 2134 238 con-

116 276 308 398 tiffl't
327 267 1042 387 ,licuitquemihi
1069 264 1232 355 efle
1257 263 1448 356 testi
1473 259 1778 357 sanstae
1805 267 2132 360 illius&

120 389 365 492 ὼ
392 389 605 484 Tuae
639 389 729 479 in
764 386 1119 485 DEVM
1156 384 1486 501 pietatis
1511 450 1541 493 ,
1601 413 1794 504 quae
1826 387 1992 488 avis
2028 386 2130 474 al-

118 504 379 624 bajest
405 536 584 597 non
611 506 881 597 dicam
906 503 993 591 in
1018 523 1251 591 tanta
1270 496 1609 591 fortuna
1625 570 1651 610 ‚
1679 501 1819 592 sed
1847 507 1931 594 in
1961 534 2128 594 me-

116 627 422 721 diocris
450 626 702 723 etiam
739 620 1245 712 conditionis
1288 619 1770 710 hominibus
1804 653 1985 713 raro
2030 623 2129 716 ὃ(

118 739 564 842 &solenter
598 741 1019 881 repetitura
1173 739 1619 856 Nusquam
1657 769 1856 828 vero
1907 742 2129 843 illam

117 855 498 983 perspexi
531 882 837 951 certius
867 883 1125 978 atque
1169 851 1624 976 expreffius
1662 923 1691 966 ,
1751 887 2005 975 quam
2043 862 2129 949 in

115 975 634 1114 optariffimo
668 980 876 1071 Filio
905 980 1099 1068 Tuo
1125 1043 1150 1085 ,
1211 978 1358 1093 qui
1397 997 1495 1065 ut
1534 1004 1799 1094 penes
1835 1007 1993 1066 nos
2020 979 2131 1066 vi-

114 1119 293 1206 xit,
416 1097 1003 1187 ulcherrimum
1033 1095 1279 1185 nobis
1303 1091 1552 1185 instar
1565 1096 1729 1184 Tui
1760 1094 1990 1184 dedit
2015 1098 2129 1185 in-

114 1237 323 1309 tuen
383 1245 525 1306 um
570 1282 602 1323 ‚
661 1215 1232 1334 exemploque
1283 1208 1431 1303 suo
1495 1209 2130 1321 demonstravit,

113 1355 639 1455 quantopere
663 1334 855 1423 Tibi
880 1362 1102 1422 curae
1134 1361 1235 1420 ac
1258 1330 1488 1419 cordi
1523 1325 1625 1419 fit
1660 1327 2131 1450 fueritque,

115 1454 252 1543 uti
297 1452 650 1545 aliorum
702 1450 1155 1550 liberorum
1228 1451 1611 1539 Tuorum
1642 1516 1669 1555 ,
1732 1454 1846 1538 ita
1919 1452 2131 1542 ’iilius

118 1569 508 1660 eduoetio
556 1632 586 1673 ,
641 1566 951 1685 digna
968 1566 1254 1655 Nobili
1324 1566 1426 1657 ὃ(
1496 1595 1632 1654 ma
1754 1567 1819 1654 is
1877 1569 2127 1659 rebus

116 1686 325 1778 olim
362 1682 895 1776 admovendo
918 1749 945 1790 ,
1006 1676 1149 1775 sed
1196 1684 1562 1771 maxime
1657 1686 1852 1803 igna
1890 1686 2129 1776 Chri·

117 1801 402 1897 stiano.
511 1802 717 1892 Non
773 1801 1004 1892 enim
1061 1793 1245 1889 satis
1317 1800 1510 1889 Tibi
1574 1795 1738 1889 fuit
1794 1869 1821 1911 ‚
1893 1803 2130 1922 quod

54 2008 58 2011 ,
118 1917 387 2041 ipfism
485 1921 668 2009 uoti
712 1919 903 2008 iunt
1015 1918 1103 2006 ui
1155 1946 1336 2007 non
1371 1917 1815 2039 negligunt
1873 1923 1908 2012 ?
1966 1923 2131 2011 ani-

87 2069 359 2152 ,mum
406 2040 422 2055 ’
490 2041 612 2126 ius
649 2036 755 2126 ad
794 2065 952 2155 pru
1011 2037 1323 2125 entiam
1358 2038 1593 2125 omni
1631 2067 1942 2156 genere
1980 2039 2130 2128 ho-

121 2155 538 2248 nestarum
595 2156 1013 2245 literarum
1074 2183 1172 2242 ac
1228 2149 1748 2244 scientiarum
1805 2177 2129 2247 mature

122 2272 721 2393 expoliendum
748 2268 1058 2377 curass'e
1086 2341 1112 2381 ,
1139 2274 1803 2389 memoriamque
1836 2276 2128 2390 peritia

125 2392 589 2514 linguarum
642 2391 743 2481 &
788 2390 987 2482 {itus
1035 2389 1415 2478 locorum
1464 2386 1868 2507 exquisita
1914 2395 2127 2481 noti-

126 2508 278 2616 tia3
295 2531 567 2627 ‚atque
596 2528 971 2598 accurata
1003 2503 1497 2596 familiarum
1522 2505 1986 2617 illustrium,
2012 2540 2129 2598 re-

121 2652 476 2741 rumque
517 2627 621 2713 ab
669 2626 903 2713 omni
952 2627 1350 2735 memoria
1390 2622 1805 2743 gestarum
1847 2630 2128 2746 cogni-

123 2743 358 2855 tione
416 2743 644 2831 velut
714 2743 890 2831 utili
951 2743 1141 2831 vitae
1200 2739 1752 2831 instrumento
1813 2744 2128 2833 ornasse

1177 2862 1370 2999 ><3
1791 2863 2129 2975 .&
